%# -*- coding:utf-8 -*-
% This file was created with JabRef 2.7b.
% Encoding: UTF8

@article{cai2008nonparametric,
  author    = {Cai, Z. and Li, Q.},
  title     = {{Nonparametric estimation of varying coefficient dynamic panel data
               models}},
  journal   = {Econometric Theory},
  year      = {2008},
  volume    = {24},
  pages     = {1321-1342},
  number    = {05},
  file      = {:C\:\\Users\\YefeiJiang\\Desktop\\zm qian\\re\\NONPARAMETRIC ESTIMATION OF VARYING COEFFICIENT DYNAMIC PANEL DATA MODELS.pdf:PDF},
  issn      = {1469-4360},
  publisher = {Cambridge Univ Press}
}

@book{h?rdle1992applied,
  title     = {Applied nonparametric regression},
  publisher = {Cambridge Univ Pr},
  year      = {1994},
  author    = {Hardle, W.},
  pages     = {1-433},
  address   = {Berlin},
  file      = {:C\:\\Users\\YefeiJiang\\Desktop\\zm qian\\re\\Applied Nonparametric Regression.pdf:PDF},
  isbn      = {0521429501}
}

@article{lee1001nonparametric,
  author  = {Lee, Y.},
  title   = {{Nonparametric estimation of dynamic panel models with fixed effects}},
  journal = {Ann Arbor},
  volume  = {1001},
  file    = {:C\:\\Users\\YefeiJiang\\Desktop\\zm qian\\re\\Nonparametric Estimation of Dynamic Panel Models with Fixed Effects.pdf:PDF}
}

@article{lee2005nonparametric,
  author  = {Lee, Y.},
  title   = {{Nonparametric Estimation of dynamic panel models}},
  journal = {Yale University, mimeographed},
  year    = {2005},
  file    = {:C\:\\Users\\YefeiJiang\\Desktop\\zm qian\\re\\Nonparametric Estimation of Dynamic Panel Models.pdf:PDF}
}

@article{sua2010nonparametric,
  author    = {Sua, L. and Ullahb, A.},
  title     = {{Nonparametric and Semiparametric Panel Econometric Models: Estimation
               and Testing}},
  journal   = {Handbook of Empirical Economics and Finance},
  year      = {2010},
  pages     = {455},
  file      = {:C\:\\Users\\YefeiJiang\\Desktop\\zm qian\\re\\Nonparametric and Semiparametric Panel Econometric Models Estimation and Testing.pdf:PDF},
  isbn      = {1420070355},
  publisher = {Chapman \& Hall/CRC}
}

@article{tran2008local,
  author  = {Tran, K.C. and Tsionas, E.G.},
  title   = {{Local GMM estimation of semiparametric dynamic panel data with smooth
             coefficient models}},
  journal = {Econometric Reviews, forthcoming},
  year    = {2008},
  volume  = {29},
  pages   = {39-61},
  file    = {:C\:\\Users\\YefeiJiang\\Desktop\\zm qian\\re\\Local GMM Estimation of Semiparametric Dynamic Panel Data with Smooth Coefficient Models.pdf:PDF}
}

@book{ullah1998handbook,
  title     = {{Handbook of Applied Economic Statistics}},
  publisher = {CRC},
  year      = {1998},
  author    = {Ullah, A. and Giles, D.E.A.},
  pages     = {579-604},
  address   = {New York},
  file      = {:C\:\\Users\\YefeiJiang\\Desktop\\zm qian\\re\\Handbook of Applied Economic Statistics.pdf:PDF},
  isbn      = {0824701291}
}

@article{yyp2008,
  author  = {于艳萍 and 张秀华 and 钱争鸣},
  title   = {{劳动力流动对中国地区经济差距影响的空间计量经济模型分析}},
  journal = {统计与信息论坛},
  year    = {2008},
  volume  = {23},
  pages   = {25-31},
  number  = {011},
  file    = {:C\:\\Users\\YefeiJiang\\Desktop\\zm qian\\re\\劳动力流动对中国地区经济差距影响的空间计量经济模型分析.pdf:PDF},
  issn    = {1007-3116}
}

@article{yaz2002,
  author  = {叶阿忠},
  title   = {{我国通货膨胀的非参数回归模型}},
  journal = {数理统计与管理},
  year    = {2002},
  volume  = {21},
  pages   = {47-51},
  number  = {001},
  file    = {:C\:\\Users\\YefeiJiang\\Desktop\\zm qian\\re\\我国通货膨胀的非参数回归模型.pdf:PDF},
  issn    = {1002-1566}
}

@article{zxbzhuji,
  author  = {周先波},
  title   = {{经济计量非线性模型的一个注记}},
  journal = {中山大学学报: 自然科学版},
  year    = {2002},
  volume  = {41},
  pages   = {100-102},
  number  = {001},
  file    = {:C\:\\Users\\YefeiJiang\\Desktop\\zm qian\\re\\经济计量非线性模型的一个注记.pdf:PDF},
  issn    = {0529-6579}
}

@article{zhouxianbo2009,
  author  = {周先波 and 李钜威 and 杨逢利},
  title   = {关于全球化对经济增长的边际影响——基于面板数据模型非参数估计的分析},
  journal = {世界经济研究},
  year    = {2009},
  volume  = {3},
  pages   = {27-32},
  number  = {003},
  file    = {:C\:\\Users\\YefeiJiang\\Desktop\\zm qian\\re\\关于全球化对经济增长的边际影响_基于面板数据模型非参数估计的分析.pdf:PDF},
  issn    = {1007-6964}
}

@article{zxb2009,
  author  = {周先波 and 田凤平},
  title   = {{中国城镇和农村居民医疗保健消费的差异性分析——基于面板数据恩格尔曲线模型的非参数估计}},
  journal = {统计研究},
  year    = {2009},
  volume  = {26},
  pages   = {51-58},
  number  = {003},
  file    = {:C\:\\Users\\YefeiJiang\\Desktop\\zm qian\\re\\中国城镇和农村居民医疗保健消费的差异性分析——基于面板数据恩格尔曲线模型的非参数估计.pdf:PDF},
  issn    = {1002-4565}
}

@article{zxb20081,
  author  = {周先波 and 田凤平},
  title   = {{非参数估计方法在长江和珠江三角洲地区城镇居民消费支出分析中的应用}},
  journal = {经济学},
  year    = {2008},
  volume  = {7},
  pages   = {1459-1476},
  file    = {:C\:\\Users\\YefeiJiang\\Desktop\\zm qian\\re\\非参数估计方法在长江和珠江三角洲地区城镇居民消费支出分析中的应用.pdf:PDF}
}

@article{zxbxxh,
  author  = {周先波 and 盛华梅},
  title   = {{信息化产出弹性的非参数估计分析}},
  journal = {数量经济技术经济研究},
  year    = {2008},
  volume  = {10},
  pages   = {130-141},
  file    = {:C\:\\Users\\YefeiJiang\\Desktop\\zm qian\\re\\信息化产出弹性的非参数估计分析.pdf:PDF},
  issn    = {1000-3894}
}

@article{shizulin,
  author  = {施祖麟 and 黄治华},
  title   = {{基于核密度估计法的中国省区经济增长动态分析}},
  journal = {经济经纬},
  year    = {2009},
  volume  = {4},
  pages   = {60-63},
  file    = {:C\:\\Users\\YefeiJiang\\Desktop\\zm qian\\re\\基于核密度估计法的中国省区经济增长动态分析.pdf:PDF},
  issn    = {1006-1096}
}

@article{djh2011,
  author  = {段景辉 and 陈建宝},
  title   = {{城乡收入差距影响因素的非参数逐点回归解析}},
  journal = {财经研究},
  year    = {2011},
  volume  = {1},
  pages   = {101-111},
  file    = {:C\:\\Users\\YefeiJiang\\Desktop\\zm qian\\re\\城乡收入差距影响因素的非参数逐点回归解析.pdf:PDF}
}

@article{tfp,
  author  = {田凤平 and 周先波},
  title   = {{几乎理想需求系统面板数据模型的非参数估计分析}},
  journal = {南方经济},
  year    = {2009},
  volume  = {7},
  pages   = {36-49},
  file    = {:C\:\\Users\\YefeiJiang\\Desktop\\zm qian\\re\\几乎理想需求系统面板数据模型的非参数估计分析.pdf:PDF},
  issn    = {1000-6249}
}

@article{qzm2008,
  author  = {钱争鸣 and 邓明 and 于艳萍},
  title   = {{教育支出的产出效应研究——基于空间 Panel Data 与菲德模型的数量分析}},
  journal = {教育与经济},
  year    = {2008},
  volume  = {3},
  pages   = {51-56},
  file    = {:C\:\\Users\\YefeiJiang\\Desktop\\zm qian\\re\\教育支出的产出效应研究_基于空间PanelData与菲德模型的数量分析.pdf:PDF},
  issn    = {1003-4870}
}



@comment{jabref-meta: selector_publisher:}

@comment{jabref-meta: selector_author:}

@comment{jabref-meta: selector_journal:}

@comment{jabref-meta: selector_keywords:}

@manual{mosek,
  author = {MOSEK ApS},
  title  = {The MOSEK optimization toolbox for MATLAB manual. Version 9.0.},
  year   = 2019,
  url    = {http://docs.mosek.com/9.0/toolbox/index.html}
}
 
@book{李航2012统计学习方法,
  title     = {统计学习方法},
  author    = {李航},
  year      = {2012},
  publisher = {清华大学出版社}
}

@book{james2013introduction,
  title     = {An introduction to statistical learning},
  author    = {James, Gareth and Witten, Daniela and Hastie, Trevor and Tibshirani, Robert},
  year      = {2013},
  publisher = {Springer}
}

@inproceedings{lecun1989handwritten,
  title     = {Handwritten digit recognition with a back-propagation network},
  author    = {LeCun, Yann and Boser, Bernhard and Denker, John and Henderson, Donnie and Howard, Richard and Hubbard, Wayne and Jackel, Lawrence},
  booktitle = {Proceedings of the 3rd International Conference on Neural Information Processing Systems},
  pages     = {396-404},
  year      = {1989}
}

@inproceedings{liu2021connected,
  title        = {A Connected Components Based Layout Analysis Approach for Educational Documents},
  author       = {Liu, Ruiying and Yu, Shenbao and Yang, Fan and Pan, Yinghui and Zeng, Yifeng},
  booktitle    = {Proceedings of the 16th International Conference on Computer Science \& Education},
  pages        = {875--880},
  year         = {2021},
  organization = {IEEE}
}

@article{candes2005decoding,
  title     = {Decoding by linear programming},
  author    = {Candes, Emmanuel J and Tao, Terence},
  journal   = {IEEE Transactions on Information Theory},
  volume    = {51},
  number    = {12},
  pages     = {4203--4215},
  year      = {2005},
  publisher = {IEEE}
}

@book{friedman2001elements,
  title     = {The elements of statistical learning},
  author    = {Friedman, Jerome and Hastie, Trevor and Tibshirani, Robert and others},
  year      = {2001},
  publisher = {Springer series in statistics New York}
}

@book{靳志宏2008物流调度与协调,
  title     = {物流调度与协调},
  author    = {靳志宏},
  year      = {2008},
  publisher = {中国物资出版社}
}

@book{bertsekas2000introduction,
  title     = {Introduction to probability},
  author    = {Bertsekas, Dimitri P and Tsitsiklis, John N},
  year      = {2000},
  publisher = {Athena Scientinis}
}

@book{trefethen1997numerical,
  title     = {Numerical linear algebra},
  author    = {Trefethen, Lloyd N and Bau III, David},
  year      = {1997},
  publisher = {SIAM}
}

@inproceedings{beyer1999nearest,
  title        = {When is “nearest neighbor” meaningful?},
  author       = {Beyer, Kevin and Goldstein, Jonathan and Ramakrishnan, Raghu and Shaft, Uri},
  booktitle    = {Proceedings of the 1999 International Conference on Database Theory},
  pages        = {217--235},
  year         = {1999},
  organization = {Springer}
}

@article{peterson2009k,
  title   = {K-nearest neighbor},
  author  = {Peterson, Leif E},
  journal = {Scholarpedia},
  volume  = {4},
  number  = {2},
  pages   = {1883},
  year    = {2009}
}

@book{fukushima,
  title     = {非线性最优化基础},
  author    = {福岛雅夫（林贵华译）},
  year      = {2011},
  publisher = {科学出版社}
}

@book{boyd2004convex,
  title     = {Convex optimization},
  author    = {Boyd, Stephen and Vandenberghe, Lieven},
  year      = {2004},
  publisher = {Cambridge University Press}
}

@inproceedings{ding2005equivalence,
  title     = {On the equivalence of nonnegative matrix factorization and spectral clustering},
  author    = {Ding, Chris and He, Xiaofeng and Simon, Horst D},
  booktitle = {Proceedings of the 2005 SIAM International Conference on Data Mining},
  pages     = {606--610},
  year      = {2005}
}

@book{newman2018networks,
  title     = {Networks},
  author    = {Newman, Mark},
  year      = {2018},
  publisher = {Oxford University Press}
}

@article{kolda2009tensor,
  title   = {Tensor decompositions and applications},
  author  = {Kolda, Tamara G and Bader, Brett W},
  journal = {SIAM Review},
  volume  = {51},
  number  = {3},
  pages   = {455--500},
  year    = {2009}
}

@article{tucker1963implications,
  title   = {Implications of factor analysis of three-way matrices for measurement of change},
  author  = {Tucker, Ledyard R},
  journal = {Problems in Measuring Change},
  volume  = {15},
  pages   = {122--137},
  year    = {1963}
}

@techreport{kolda2006multilinear,
  title       = {Multilinear operators for higher-order decompositions},
  author      = {Kolda, Tamara Gibson},
  year        = {2006},
  institution = {Sandia National Laboratories}
}

@article{karinthy1929chain,
  title     = {Chain-links},
  author    = {Karinthy, Frigyes},
  journal   = {Everything is different},
  year      = {1929},
  publisher = {Enik{\H{o}} Jank{\'o}. Available online at this website}
}

@inproceedings{lee2001algorithms,
  title     = {Algorithms for non-negative matrix factorization},
  author    = {Lee, Daniel D and Seung, H Sebastian},
  booktitle = {Proceedings of the 14th International Conference on Neural Information Processing Systems},
  pages     = {556--562},
  year      = {2001}
}

@article{pascual2006nonsmooth,
  title   = {Nonsmooth nonnegative matrix factorization (nsNMF)},
  author  = {Pascual-Montano, Alberto and Carazo, Jose Maria and Kochi, Kieko and Lehmann, Dietrich and Pascual-Marqui, Roberto D},
  journal = {IEEE Transactions on Pattern Analysis and Machine Intelligence},
  volume  = {28},
  number  = {3},
  pages   = {403--415},
  year    = {2006}
}

@article{carroll1970analysis,
  title   = {Analysis of individual differences in multidimensional scaling via an {$N$}-way generalization of “Eckart-Young” decomposition},
  author  = {Carroll, J Douglas and Chang, Jih-Jie},
  journal = {Psychometrika},
  volume  = {35},
  number  = {3},
  pages   = {283--319},
  year    = {1970}
}

@article{Hars1970,
  author  = {Harshman, R. A.},
  journal = {UCLA Working Papers in Phonetics},
  pages   = {1--84},
  title   = {{F}oundations of the {P}{A}{R}{A}{F}{A}{C} procedure: {M}odels and conditions for an "explanatory" multi-modal factor analysis},
  volume  = 16,
  year    = 1970
}

@inproceedings{kumar2011co,
  title     = {Co-regularized multi-view spectral clustering},
  author    = {Kumar, Abhishek and Rai, Piyush and Daume, Hal},
  booktitle = {Proceedings of the 24th International Conference on Neural Information Processing Systems},
  pages     = {1413--1421},
  year      = {2011}
}

@phdthesis{viklands2006algorithms,
  title  = {Algorithms for the weighted orthogonal Procrustes problem and other least squares problems},
  author = {Viklands, Thomas},
  year   = {2006},
  school = {Datavetenskap}
}

@article{shi2000normalized,
  title   = {Normalized cuts and image segmentation},
  author  = {Shi, Jianbo and Malik, Jitendra},
  journal = {IEEE Transactions on Pattern Analysis and Machine Intelligence},
  volume  = {22},
  number  = {8},
  pages   = {888--905},
  year    = {2000}
}

@inproceedings{yu2003multi,
  author    = {Yu, Stella X. and Shi, Jianbo},
  title     = {Multiclass Spectral Clustering},
  year      = {2003},
  booktitle = {Proceedings of the 9th IEEE International Conference on Computer Vision},
  pages     = {313}
}

@article{wold1987principal,
  title   = {Principal component analysis},
  author  = {Wold, Svante and Esbensen, Kim and Geladi, Paul},
  journal = {Chemometrics and Intelligent Laboratory Systems},
  volume  = {2},
  number  = {1-3},
  pages   = {37--52},
  year    = {1987}
}

@inproceedings{udfs,
  title     = {{$\ell_{2,1}$}-norm regularized discriminative feature selection for unsupervised learning},
  author    = {Yang, Yi and Shen, Heng Tao and Ma, Zhigang and Huang, Zi and Zhou, Xiaofang},
  booktitle = {Proceedings of the 21st International Joint Conference on Artificial Intelligence},
  year      = {2011},
  pages     = {1589-1594}
}

@inproceedings{ndfs,
  title     = {Unsupervised feature selection using nonnegative spectral analysis},
  author    = {Li, Zechao and Yang, Yi and Liu, Jing and Zhou, Xiaofang and Lu, Hanqing},
  booktitle = {Proceedings of the 26th AAAI Conference on Artificial Intelligence},
  year      = {2012},
  pages     = {1026-1032}
}

@inproceedings{lapscore,
  title     = {Laplacian score for feature selection},
  author    = {He, Xiaofei and Cai, Deng and Niyogi, Partha},
  booktitle = {Proceedings of the 19th International Conference on Neural Information Processing Systems},
  pages     = {507--514},
  year      = {2006}
}

@inproceedings{socfs,
  title     = {Unsupervised simultaneous orthogonal basis clustering feature selection},
  author    = {Han, Dongyoon and Kim, Junmo},
  booktitle = {Proceedings of the 28th IEEE Conference on Computer Vision and Pattern Recognition},
  pages     = {5016--5023},
  year      = {2015}
}

@inproceedings{sogfs,
  title     = {Unsupervised feature selection with structured graph optimization},
  author    = {Nie, Feiping and Zhu, Wei and Li, Xuelong},
  booktitle = {Proceedings of the 30th AAAI Conference on Artificial Intelligence},
  year      = {2016},
  pages     = {1302-1308}
}

@inproceedings{jelsr,
  title     = {Feature selection via joint embedding learning and sparse regression},
  author    = {Hou, Chenping and Nie, Feiping and Yi, Dongyun and Wu, Yi},
  booktitle = {Proceedings of the 22nd International Joint Conference on Artificial Intelligence},
  year      = {2011},
  pages     = {1324-1329}
}

@inproceedings{cdlfs,
  title     = {Coupled dictionary learning for unsupervised feature selection},
  author    = {Zhu, Pengfei and Hu, Qinghua and Zhang, Changqing and Zuo, Wangmeng},
  booktitle = {Proceedings of the 30th AAAI Conference on Artificial Intelligence},
  year      = {2016},
  pages     = {2422-2428}
}

@inproceedings{rufs,
  author    = {Qian, Mingjie and Zhai, Chengxiang},
  title     = {Robust Unsupervised Feature Selection},
  year      = {2013},
  booktitle = {Proceedings of the 24th International Joint Conference on Artificial Intelligence},
  pages     = {1621-1627}
}

@inproceedings{rsfs,
  title     = {Robust spectral learning for unsupervised feature selection},
  author    = {Shi, Lei and Du, Liang and Shen, Yi-Dong},
  booktitle = {Proceedings of the 14th IEEE International Conference on Data Mining},
  pages     = {977--982},
  year      = {2014}
}

@inproceedings{dgufs,
  title     = {Dependence guided unsupervised feature selection},
  author    = {Guo, Jun and Zhu, Wenwu},
  booktitle = {Proceedings of the 32nd AAAI Conference on Artificial Intelligence},
  year      = {2018},
  pages     = {2232-2239}
}

@article{urafs,
  title   = {Generalized uncorrelated regression with adaptive graph for unsupervised feature selection},
  author  = {Li, Xuelong and Zhang, Han and Zhang, Rui and Liu, Yun and Nie, Feiping},
  journal = {IEEE Transactions on Neural Networks and Learning Systems},
  volume  = {30},
  number  = {5},
  pages   = {1587--1595},
  year    = {2018}
}

@inproceedings{nie2010efficient,
  title     = {Efficient and robust feature selection via joint {$\ell_{2,1}$}-norms minimization},
  author    = {Nie, Feiping and Huang, Heng and Cai, Xiao and Ding, Chris},
  booktitle = {Proceedings of the 23rd International Conference on Neural Information Processing Systems},
  pages     = {1813--1821},
  year      = {2010}
}

@inproceedings{zhao2007semi,
  title     = {Semi-supervised feature selection via spectral analysis},
  author    = {Zhao, Zheng and Liu, Huan},
  booktitle = {Proceedings of the 2007 SIAM International Conference on Data Mining},
  pages     = {641--646},
  year      = {2007}
}

@article{xu2010discriminative,
  title   = {Discriminative semi-supervised feature selection via manifold regularization},
  author  = {Xu, Zenglin and King, Irwin and Lyu, Michael Rung-Tsong and Jin, Rong},
  journal = {IEEE Transactions on Neural Networks},
  volume  = {21},
  number  = {7},
  pages   = {1033--1047},
  year    = {2010}
}

@article{robnik2003theoretical,
  title   = {Theoretical and empirical analysis of ReliefF and RReliefF},
  author  = {Robnik-{\v{S}}ikonja, Marko and Kononenko, Igor},
  journal = {Machine Learning},
  volume  = {53},
  number  = {1},
  pages   = {23--69},
  year    = {2003}
}

@article{peng2005feature,
  title   = {Feature selection based on mutual information criteria of max-dependency, max-relevance, and min-redundancy},
  author  = {Peng, Hanchuan and Long, Fuhui and Ding, Chris},
  journal = {IEEE Transactions on Pattern Analysis and Machine Intelligence},
  volume  = {27},
  number  = {8},
  pages   = {1226--1238},
  year    = {2005}
}

@article{tibshirani1996regression,
  title   = {Regression shrinkage and selection via the lasso},
  author  = {Tibshirani, Robert},
  journal = {Journal of the Royal Statistical Society: Series B (Methodological)},
  volume  = {58},
  number  = {1},
  pages   = {267--288},
  year    = {1996}
}

@article{dy2004feature,
  title   = {Feature selection for unsupervised learning},
  author  = {Dy, Jennifer G and Brodley, Carla E},
  journal = {Journal of Machine Learning Research},
  volume  = {5},
  number  = {Aug},
  pages   = {845--889},
  year    = {2004}
}

@inproceedings{cai2010unsupervised,
  title     = {Unsupervised feature selection for multi-cluster data},
  author    = {Cai, Deng and Zhang, Chiyuan and He, Xiaofei},
  booktitle = {Proceedings of the 16th ACM SIGKDD International Conference on Knowledge Discovery and Data Mining},
  pages     = {333--342},
  year      = {2010}
}

@inproceedings{he2005laplacian,
  title     = {Laplacian score for feature selection},
  author    = {He, Xiaofei and Cai, Deng and Niyogi, Partha},
  booktitle = {Proceedings of the 18th International Conference on Neural Information Processing Systems},
  pages     = {507--514},
  year      = {2005}
}

@article{bellman1966dynamic,
  title   = {Dynamic programming},
  author  = {Bellman, Richard},
  journal = {Science},
  volume  = {153},
  number  = {3731},
  pages   = {34--37},
  year    = {1966}
}

@book{duda2006pattern,
  title     = {Pattern classification},
  author    = {Duda, Richard O and Hart, Peter E},
  year      = {2006},
  publisher = {John Wiley \& Sons}
}

@inproceedings{nie2008trace,
  title     = {Trace ratio criterion for feature selection.},
  author    = {Nie, Feiping and Xiang, Shiming and Jia, Yangqing and Zhang, Changshui and Yan, Shuicheng},
  booktitle = {Proceedings of the 22nd AAAI Conference on Artificial Intelligence},
  pages     = {671--676},
  year      = {2008}
}

@article{lee1999learning,
  title   = {Learning the parts of objects by non-negative matrix factorization},
  author  = {Lee, Daniel D and Seung, H Sebastian},
  journal = {Nature},
  volume  = {401},
  number  = {6755},
  pages   = {788--791},
  year    = {1999}
}

@inproceedings{kong2011robust,
  title     = {Robust nonnegative matrix factorization using {$\ell_{2,1}$}-norm},
  author    = {Kong, Deguang and Ding, Chris and Huang, Heng},
  booktitle = {Proceedings of the 20th ACM International Conference on Information and Knowledge Management},
  pages     = {673--682},
  year      = {2011}
}

@book{nocedal2006numerical,
  title     = {Numerical optimization},
  author    = {Nocedal, Jorge and Wright, Stephen},
  year      = {2006},
  publisher = {Springer Science \& Business Media}
}

@inproceedings{roth2003feature,
  title     = {Feature selection in clustering problems},
  author    = {Roth, Volker and Lange, Tilman},
  booktitle = {Proceedings of the 16th International Conference on Neural Information Processing Systems},
  pages     = {473--480},
  year      = {2003}
}

@article{guyon2002gene,
  title   = {Gene selection for cancer classification using support vector machines},
  author  = {Guyon, Isabelle and Weston, Jason and Barnhill, Stephen and Vapnik, Vladimir},
  journal = {Machine Learning},
  volume  = {46},
  number  = {1},
  pages   = {389--422},
  year    = {2002}
}

@inproceedings{jovic2015review,
  title     = {A review of feature selection methods with applications},
  author    = {Jovi{\'c}, Alan and Brki{\'c}, Karla and Bogunovi{\'c}, Nikola},
  booktitle = {Proceedings of the 38th International Convention on Information and Communication Technology, Electronics and Microelectronics},
  pages     = {1200--1205},
  year      = {2015}
}

@inproceedings{zhou2004learning,
  title     = {Learning with local and global consistency},
  author    = {Zhou, Dengyong and Bousquet, Olivier and Lal, Thomas Navin and Weston, Jason and Sch{\"o}lkopf, Bernhard},
  booktitle = {Proceedings of the 17th International Conference on Neural Information Processing Systems},
  pages     = {321--328},
  year      = {2004}
}

@article{cai2010graph,
  title   = {Graph regularized nonnegative matrix factorization for data representation},
  author  = {Cai, Deng and He, Xiaofei and Han, Jiawei and Huang, Thomas S},
  journal = {IEEE Transactions on Pattern Analysis and Machine Intelligence},
  volume  = {33},
  number  = {8},
  pages   = {1548--1560},
  year    = {2010}
}

@book{rudin1976principles,
  title     = {Principles of mathematical analysis},
  author    = {Rudin, Walter and others},
  year      = {1976},
  publisher = {McGraw-hill New York}
}

@inproceedings{fsasl,
  author    = {Du, Liang and Shen, Yi-Dong},
  title     = {Unsupervised feature selection with adaptive structure learning},
  year      = {2015},
  booktitle = {Proceedings of the 21st ACM SIGKDD International Conference on Knowledge Discovery and Data Mining},
  pages     = {209-218}
}

@article{von2007tutorial,
  title   = {A tutorial on spectral clustering},
  author  = {Von Luxburg, Ulrike},
  journal = {Statistics and Computing},
  volume  = {17},
  number  = {4},
  pages   = {395--416},
  year    = {2007}
}

@article{lu2008mpca,
  title   = {MPCA: Multilinear principal component analysis of tensor objects},
  author  = {Lu, Haiping and Plataniotis, Konstantinos N and Venetsanopoulos, Anastasios N},
  journal = {IEEE Transactions on Neural Networks},
  volume  = {19},
  number  = {1},
  pages   = {18--39},
  year    = {2008}
}

@inproceedings{lu2016tensor,
  title     = {Tensor robust principal component analysis: Exact recovery of corrupted low-rank tensors via convex optimization},
  author    = {Lu, Canyi and Feng, Jiashi and Chen, Yudong and Liu, Wei and Lin, Zhouchen and Yan, Shuicheng},
  booktitle = {Proceedings of the 29th IEEE Conference on Computer Vision and Pattern Recognition},
  pages     = {5249--5257},
  year      = {2016}
}

@article{cand2011robust,
  author  = {Cand\`{e}s, Emmanuel J. and Li, Xiaodong and Ma, Yi and Wright, John},
  title   = {Robust principal component analysis?},
  year    = {2011},
  volume  = {58},
  number  = {3},
  journal = {Journal of the ACM}
}

@article{ju2017vectorial,
  title   = {Vectorial dimension reduction for tensors based on Bayesian inference},
  author  = {Ju, Fujiao and Sun, Yanfeng and Gao, Junbin and Hu, Yongli and Yin, Baocai},
  journal = {IEEE Transactions on Neural Networks and Learning Systems},
  volume  = {29},
  number  = {10},
  pages   = {4579--4592},
  year    = {2017}
}

@article{GRLTR,
  title   = {Graph regularized low-rank tensor representation for feature selection},
  journal = {Journal of Visual Communication and Image Representation},
  volume  = {56},
  pages   = {234-244},
  year    = {2018},
  author  = {Yuting Su and Xu Bai and Wu Li and Peiguang Jing and Jing Zhang and Jing Liu}
}

@book{chung1997spectral,
  title     = {Spectral graph theory},
  author    = {Chung, Fan RK},
  year      = {1997},
  publisher = {American Mathematical Society.}
}

@inproceedings{belkin2001laplacian,
  title     = {Laplacian eigenmaps and spectral techniques for embedding and clustering.},
  author    = {Belkin, Mikhail and Niyogi, Partha},
  booktitle = {Proceedings of the 14th International Conference on Neural Information Processing Systems},
  pages     = {585--591},
  year      = {2001}
}

@article{bader2006algorithm,
  title   = {Algorithm 862: MATLAB tensor classes for fast algorithm prototyping},
  author  = {Bader, Brett W and Kolda, Tamara G},
  journal = {ACM Transactions on Mathematical Software (TOMS)},
  volume  = {32},
  number  = {4},
  pages   = {635--653},
  year    = {2006}
}

@article{wolpert1997no,
  title   = {No free lunch theorems for optimization},
  author  = {Wolpert, David H and Macready, William G},
  journal = {IEEE Transactions on Evolutionary Computation},
  volume  = {1},
  number  = {1},
  pages   = {67--82},
  year    = {1997}
}

@techreport{coil20,
  title       = {Columbia object image library (COIL-20)},
  author      = {Nene, Sameer A and Nayar, Shree K and Murase, Hiroshi},
  year        = {1996},
  institution = {Columbia University}
}

@article{fmnist,
  title   = {Fashion-mnist: a novel image dataset for benchmarking machine learning algorithms},
  author  = {Xiao, Han and Rasul, Kashif and Vollgraf, Roland},
  journal = {arXiv preprint arXiv:1708.07747},
  year    = {2017}
}

@article{jaffe,
  title   = {Automatic classification of single facial images},
  author  = {Lyons, Michael J and Budynek, Julien and Akamatsu, Shigeru},
  journal = {IEEE Transactions on Pattern Analysis and Machine Intelligence},
  volume  = {21},
  number  = {12},
  pages   = {1357--1362},
  year    = {1999}
}

@article{usps,
  title   = {A database for handwritten text recognition research},
  author  = {Hull, Jonathan J.},
  journal = {IEEE Transactions on Pattern Analysis and Machine Intelligence},
  volume  = {16},
  number  = {5},
  pages   = {550--554},
  year    = {1994}
}

@article{mnist,
  title   = {Gradient-based learning applied to document recognition},
  author  = {LeCun, Yann and Bottou, L{\'e}on and Bengio, Yoshua and Haffner, Patrick},
  journal = {Proceedings of the IEEE},
  volume  = {86},
  number  = {11},
  pages   = {2278--2324},
  year    = {1998}
}

@incollection{umist,
  title     = {Characterising virtual eigensignatures for general purpose face recognition},
  author    = {Graham, Daniel B and Allinson, Nigel M},
  booktitle = {Face Recognition},
  pages     = {446--456},
  year      = {1998},
  publisher = {Springer}
}

@article{yale,
  title   = {Eigenfaces vs. fisherfaces: Recognition using class specific linear projection},
  author  = {Belhumeur, Peter N. and Hespanha, Joao P and Kriegman, David J.},
  journal = {IEEE Transactions on Pattern Analysis and Machine Intelligence},
  volume  = {19},
  number  = {7},
  pages   = {711--720},
  year    = {1997}
}

@book{horn2012matrix,
  title     = {Matrix analysis},
  author    = {Horn, Roger A and Johnson, Charles R},
  year      = {2012},
  publisher = {Cambridge University Press}
}

@inproceedings{medmnist,
  title={Medmnist classification decathlon: A lightweight AutoML benchmark for medical image analysis},
  author={Yang, Jiancheng and Shi, Rui and Ni, Bingbing},
  booktitle={Proceedings of the 18th IEEE International Symposium on Biomedical Imaging},
  pages={191--195},
  year={2021}
}

@article{nie2020unsupervised,
  title   = {Unsupervised feature selection with constrained {$\ell_{2,0}$}-norm and optimized graph},
  author  = {Nie, Feiping and Dong, Xia and Tian, Lai and Wang, Rong and Li, Xuelong},
  journal = {IEEE Transactions on Neural Networks and Learning Systems},
  year    = {2020},
  note    = {Early Access}
}

@article{li2021sparse,
  title   = {Sparse PCA via {$\ell_{2,p}$}-norm regularization for unsupervised feature selection},
  author  = {Li, Zhengxin and Nie, Feiping and Bian, Jintang and Wu, Danyang and Li, Xuelong},
  journal = {IEEE Transactions on Pattern Analysis and Machine Intelligence},
  year    = {2021},
  note    = {Early Access}
}

@article{zhao2019four,
  title   = {Four-Dimensional Modeling of fMRI Data via Spatio--Temporal Convolutional Neural Networks (ST-CNNs)},
  author  = {Zhao, Yu and Li, Xiang and Huang, Heng and Zhang, Wei and Zhao, Shijie and Makkie, Milad and Zhang, Mo and Li, Quanzheng and Liu, Tianming},
  journal = {IEEE Transactions on Cognitive and Developmental Systems},
  volume  = {12},
  number  = {3},
  pages   = {451--460},
  year    = {2019}
}

@article{wu2021supervised,
  title   = {Supervised feature selection with orthogonal regression and feature weighting},
  author  = {Wu, Xia and Xu, Xueyuan and Liu, Jianhong and Wang, Hailing and Hu, Bin and Nie, Feiping},
  journal = {IEEE Transactions on Neural Networks and Learning Systems},
  volume  = {32},
  number  = {5},
  pages   = {1831--1838},
  year    = {2021}
}

@article{li2021semisupervised,
  title   = {Semisupervised Feature Selection via Generalized Uncorrelated Constraint and Manifold Embedding},
  author  = {Li, Xuelong and Zhang, Yunxing and Zhang, Rui},
  journal = {IEEE Transactions on Neural Networks and Learning Systems},
  year    = {2021},
  note    = {Early Access}
}

@article{sun2010local,
  author  = {Sun, Yijun and Todorovic, Sinisa and Goodison, Steve},
  journal = {IEEE Transactions on Pattern Analysis and Machine Intelligence},
  title   = {Local-learning-based feature selection for high-dimensional data analysis},
  year    = {2010},
  volume  = {32},
  number  = {9},
  pages   = {1610-1626}
}

@article{chen2021semi,
  author  = {Chen, Xiaojun and Chen, Renjie and Wu, Qingyao and Nie, Feiping and Yang, Min and Mao, Rui},
  journal = {IEEE Transactions on Cybernetics},
  title   = {Semisupervised feature selection via structured manifold learning},
  year    = {2021},
  note    = {Early Access}
}

@article{lin2021unsupervised,
  title   = {Unsupervised feature selection via orthogonal basis clustering and local structure preserving},
  author  = {Lin, Xiaochang and Guan, Jiewen and Chen, Bilian and Zeng, Yifeng},
  journal = {IEEE Transactions on Neural Networks and Learning Systems},
  year    = {2021},
  note    = {Early Access}
}

@article{solorio2020review,
  title   = {A review of unsupervised feature selection methods},
  author  = {Solorio-Fern{\'a}ndez, Sa{\'u}l and Carrasco-Ochoa, J Ariel and Mart{\'\i}nez-Trinidad, Jos{\'e} Fco},
  journal = {Artificial Intelligence Review},
  volume  = {53},
  number  = {2},
  pages   = {907--948},
  year    = {2020}
}

@article{wang2022robust,
  author  = {Wang, Qi and He, Xiang and Jiang, Xu and Li, Xuelong},
  journal = {IEEE Transactions on Pattern Analysis and Machine Intelligence},
  title   = {Robust Bi-Stochastic Graph Regularized Matrix Factorization for Data Clustering},
  year    = {2022},
  volume  = {44},
  number  = {1},
  pages   = {390-403}
}

@incollection{relief,
  title     = {A practical approach to feature selection},
  author    = {Kira, Kenji and Rendell, Larry A},
  booktitle = {Proceedings of 1992 International Conference on Machine Learning},
  pages     = {249--256},
  year      = {1992}
}

@book{richert2013building,
  title     = {Building machine learning systems with Python},
  author    = {Richert, Willi},
  year      = {2013},
  publisher = {Packt Publishing Ltd}
}

@article{综述1,
  title   = {特征选择方法研究综述},
  author  = {施启军，潘峰，龙福海，李娜娜，苟辉朋，苏浩辀，谢雨寒},
  journal = {微电子学与计算机},
  volume  = {39},
  number  = {3},
  pages   = {1-9},
  year    = {2022}
}

@article{综述2,
  title   = {特征选择方法综述},
  author  = {李郅琴，杜建强，聂斌，熊旺平，黄灿奕，李欢},
  journal = {计算机工程与应用},
  volume  = {55},
  number  = {24},
  pages   = {10-19},
  year    = {2019}
}

@article{综述3,
  title   = {特征选择方法综述},
  author  = {姚旭，王晓丹，张玉玺，权文},
  journal = {控制与决策},
  volume  = {27},
  number  = {2},
  pages   = {162-192},
  year    = {2012}
}

@manual{varthre,
  author = {Scikit-learn Developers},
  title  = {Scikit-learn documentation on feature selection},
  year   = 2021,
  url    = {https://scikit-learn.org/stable/modules/feature_selection.html}
}

@article{liu1989limited,
  title     = {On the limited memory BFGS method for large scale optimization},
  author    = {Liu, Dong C and Nocedal, Jorge},
  journal   = {Mathematical programming},
  volume    = {45},
  number    = {1},
  pages     = {503--528},
  year      = {1989},
  publisher = {Springer}
}

@techreport{benson2001limited,
  title       = {A limited memory variable metric method in subspaces and bound constrained optimization problems. mathematical, Information and Computer Science Division, Argonne National Laboratory},
  author      = {Benson, SJ and More, JJ},
  year        = {2001},
  institution = {ANL/MCS-P}
}

@book{丘维声2002高等代数,
  title     = {高等代数},
  author    = {丘维声},
  year      = {2002},
  publisher = {高等教育出版社}
}

@book{wolsey1999integer,
  title     = {Integer and combinatorial optimization},
  author    = {Wolsey, Laurence A and Nemhauser, George L},
  volume    = {55},
  year      = {1999},
  publisher = {John Wiley \& Sons}
}

@article{golub1965calculating,
  title     = {Calculating the singular values and pseudo-inverse of a matrix},
  author    = {Golub, Gene and Kahan, William},
  journal   = {Journal of the Society for Industrial and Applied Mathematics, Series B: Numerical Analysis},
  volume    = {2},
  number    = {2},
  pages     = {205--224},
  year      = {1965},
  publisher = {SIAM}
}

@misc{enwiki:1050193932,
  author = {{Wikipedia contributors}},
  title  = {Computational complexity of mathematical operations --- {Wikipedia}{,} The Free Encyclopedia},
  year   = {2021},
  url    = {https://en.wikipedia.org/w/index.php?title=Computational_complexity_of_mathematical_operations&oldid=1050193932},
  note   = {[Online; accessed 9-January-2022]}
}

@book{boyd2011distributed,
  title     = {Distributed optimization and statistical learning via the alternating direction method of multipliers},
  author    = {Boyd, Stephen and Parikh, Neal and Chu, Eric},
  year      = {2011},
  publisher = {Now Publishers Inc}
}

@book{opt1,
  author    = {刘浩洋，户将，李勇锋，文再文},
  publisher = {高等教育出版社},
  title     = {最优化：建模、算法与理论},
  year      = {2020}
}

@manual{tensortoolbox,
  author = {Brett W. Bader, Tamara G. Kolda and others},
  title  = {Tensor toolbox for MATLAB, version 3.2.1},
  year   = 2021,
  url    = {https://www.tensortoolbox.org/}
}
 
@book{friedman1982foundations,
  title     = {Foundations of modern analysis},
  author    = {Friedman, Avner},
  year      = {1982},
  publisher = {Courier Corporation}
}

@book{nesterov1994interior,
  title     = {Interior-point polynomial algorithms in convex programming},
  author    = {Nesterov, Yurii and Nemirovskii, Arkadii},
  year      = {1994},
  publisher = {SIAM}
}

@misc{cvx,
  author       = {Michael Grant and Stephen Boyd},
  title        = {{CVX}: Matlab Software for Disciplined Convex Programming, version 2.1},
  howpublished = {\url{http://cvxr.com/cvx}},
  month        = mar,
  year         = 2014
}

@misc{gurobi,
  author = {{Gurobi Optimization, LLC}},
  title  = {{Gurobi optimizer reference manual}},
  year   = 2021,
  url    = {https://www.gurobi.com}
}

@article{lin2007convergence,
  title   = {On the convergence of multiplicative update algorithms for nonnegative matrix factorization},
  author  = {Lin, Chih-Jen},
  journal = {IEEE Transactions on Neural Networks},
  volume  = {18},
  number  = {6},
  pages   = {1589--1596},
  year    = {2007}
}

@article{fernandes2020tensor,
  title   = {Tensor decomposition for analysing time-evolving social networks: An overview},
  author  = {Fernandes, Sofia and Fanaee-T, Hadi and Gama, Jo{\~a}o},
  journal = {Artificial Intelligence Review},
  volume  = {54},
  number  = {4},
  pages   = {2891--2916},
  year    = {2021}
}

@article{cong2015tensor,
  title   = {Tensor decomposition of EEG signals: a brief review},
  author  = {Cong, Fengyu and Lin, Qiu-Hua and Kuang, Li-Dan and Gong, Xiao-Feng and Astikainen, Piia and Ristaniemi, Tapani},
  journal = {Journal of Neuroscience Methods},
  volume  = {248},
  pages   = {59--69},
  year    = {2015}
}

@article{jiang2018no,
  title   = {No reference stereo video quality assessment based on motion feature in tensor decomposition domain},
  author  = {Jiang, Gangyi and Liu, Shanshan and Yu, Mei and Shao, Feng and Peng, Zongju and Chen, Fen},
  journal = {Journal of Visual Communication and Image Representation},
  volume  = {50},
  pages   = {247--262},
  year    = {2018}
}

@article{chen2018destriping,
  title   = {Destriping of multispectral remote sensing image using low-rank tensor decomposition},
  author  = {Chen, Yong and Huang, Ting-Zhu and Zhao, Xi-Le},
  journal = {IEEE Journal of Selected Topics in Applied Earth Observations and Remote Sensing},
  volume  = {11},
  number  = {12},
  pages   = {4950--4967},
  year    = {2018}
}

@article{de2000multilinear,
  title   = {A multilinear singular value decomposition},
  author  = {De Lathauwer, Lieven and De Moor, Bart and Vandewalle, Joos},
  journal = {SIAM Journal on Matrix Analysis and Applications},
  volume  = {21},
  number  = {4},
  pages   = {1253--1278},
  year    = {2000}
}

@article{2010TDFE,
  title   = {Tensor decompositions for feature extraction and classification of high dimensional datasets},
  author  = {Phan, Anh Huy and Cichocki, Andrzej},
  journal = {Nonlinear Theory and Its Applications},
  volume  = {1},
  number  = {1},
  pages   = {37--68},
  year    = {2010}
}



@book{cichocki2009nonnegative,
  title     = {Nonnegative matrix and tensor factorizations: applications to exploratory multi-way data analysis and blind source separation},
  author    = {Cichocki, Andrzej and Zdunek, Rafal and Phan, Anh Huy and Amari, Shun-ichi},
  year      = {2009},
  publisher = {John Wiley \& Sons},
  address   = {West Sussex, the U.K.}
}

@article{tucker1966some,
  title   = {Some mathematical notes on three-mode factor analysis},
  author  = {Tucker, Ledyard R},
  journal = {Psychometrika},
  volume  = {31},
  number  = {3},
  pages   = {279--311},
  year    = {1966}
}

@article{zhang2017low,
  title   = {Low-rank regularized heterogeneous tensor decomposition for subspace clustering},
  author  = {Zhang, Jing and Li, Xinhui and Jing, Peiguang and Liu, Jing and Su, Yuting},
  journal = {IEEE Signal Processing Letters},
  volume  = {25},
  number  = {3},
  pages   = {333--337},
  year    = {2017}
}

@article{huang2017hyperspectral,
  title   = {Hyperspectral image denoising with group sparse and low-rank tensor decomposition},
  author  = {Huang, Zhihong and Li, Shutao and Fang, Leyuan and Li, Huali and Benediktsson, J{\'o}n Atli},
  journal = {IEEE Access},
  volume  = {6},
  pages   = {1380--1390},
  year    = {2017}
}

@article{ferlrtc,
  title   = {FERLrTc: 2D+ 3D facial expression recognition via low-rank tensor completion},
  author  = {Fu, Yunfang and Ruan, Qiuqi and Luo, Ziyan and Jin, Yi and An, Gaoyun and Wan, Jun},
  journal = {Signal Processing},
  volume  = {161},
  pages   = {74--88},
  year    = {2019}
}

@techreport{COIL,
  author      = {Sameer A. Nene and Shree K. Nayar and Hiroshi Murase},
  title       = {Columbia Object Image Library (COIL-20},
  institution = {Computer Science Department, Columbia University},
  year        = {1996}
}

@techreport{van2007matlab,
  title       = {Matlab toolbox for dimensionality reduction},
  author      = {Van der Maaten, Laurens and Postma, Eric O and van den Herik, Hendrik J},
  institution = {MICC, Maastricht University},
  year        = {2007}
}

@inproceedings{nnegTucker,
  title     = {Nonnegative Tucker decomposition},
  author    = {Kim, Yong-Deok and Choi, Seungjin},
  booktitle = {Proceedings of the 2007 IEEE Conference on Computer Vision and Pattern Recognition},
  pages     = {1--8},
  year      = {2007}
}

@article{2017HOSRDA,
  title   = {Higher-order spectral regression discriminant analysis: A tensor feature reduction method for ERP detection},
  author  = {Idaji, Mina Jamshidi and Shamsollahi, Mohammad B and Sardouie, Sepideh Hajipour},
  journal = {Pattern Recognition},
  volume  = {70},
  pages   = {152--162},
  year    = {2017}
}

@article{2013MaxMutInfo,
  title   = {Supervised feature extraction for tensor objects based on maximization of mutual information},
  author  = {Juki{\'c}, Ante and Filipovi{\'c}, Marko},
  journal = {Pattern Recognition Letters},
  volume  = {34},
  number  = {13},
  pages   = {1476--1484},
  year    = {2013}
}

@article{2015SNPNTF,
  title   = {A sparse neighborhood preserving non-negative tensor factorization algorithm for facial expression recognition},
  author  = {An, Gaoyun and Liu, Shuai and Ruan, Qiuqi},
  journal = {Pattern Analysis and Applications},
  volume  = {20},
  number  = {2},
  pages   = {453--471},
  year    = {2017}
}

@article{2016MR-NTD,
  title   = {MR-NTD: Manifold regularization nonnegative Tucker decomposition for tensor data dimension reduction and representation},
  author  = {Li, Xutao and Ng, Michael K and Cong, Gao and Ye, Yunming and Wu, Qingyao},
  journal = {IEEE Transactions on Neural Networks and Learning Systems},
  volume  = {28},
  number  = {8},
  pages   = {1787--1800},
  year    = {2016}
}

@article{2019LELLE-NTD,
  title   = {LE \& LLE regularized nonnegative Tucker decomposition for clustering of high dimensional datasets},
  author  = {Yin, Wanguang and Ma, Zhengming},
  journal = {Neurocomputing},
  volume  = {364},
  pages   = {77--94},
  year    = {2019}
}

@article{2019GLTD,
  title   = {Image representation and learning with graph-laplacian Tucker tensor decomposition},
  author  = {Jiang, Bo and Ding, Chris and Tang, Jin and Luo, Bin},
  journal = {IEEE Transactions on Cybernetics},
  volume  = {49},
  number  = {4},
  pages   = {1417--1426},
  year    = {2018}
}

@article{2019TDVM,
  title   = {Feature extraction for incomplete data via low-rank tensor decomposition with feature regularization},
  author  = {Shi, Qiquan and Cheung, Yiu-Ming and Zhao, Qibin and Lu, Haiping},
  journal = {IEEE Transactions on Neural Networks and Learning Systems},
  volume  = {30},
  number  = {6},
  pages   = {1803--1817},
  year    = {2018}
}

@inproceedings{2013RTD,
  title     = {Robust Tucker tensor decomposition for effective image representation},
  author    = {Zhang, Miao and Ding, Chris},
  booktitle = {Proceedings of the 2013 IEEE International Conference on Computer Vision},
  pages     = {2448--2455},
  year      = {2013}
}

@article{ALM,
  title   = {Nonlinear programming},
  author  = {Bertsekas, Dimitri P},
  journal = {Journal of the Operational Research Society},
  volume  = {48},
  number  = {3},
  pages   = {334--334},
  year    = {1997}
}

@article{2015RTC,
  title   = {Robust face clustering via tensor decomposition},
  author  = {Cao, Xiaochun and Wei, Xingxing and Han, Yahong and Lin, Dongdai},
  journal = {IEEE Transactions on Cybernetics},
  volume  = {45},
  number  = {11},
  pages   = {2546--2557},
  year    = {2014}
}

@inproceedings{2018L1HOSVD,
  title     = {{$\ell_{1}$}-norm higher-order singular-value decomposition},
  author    = {Markopoulos, Panos P and Chachlakis, Dimitris G and Prater-Bennette, Ashley},
  booktitle = {Proceedings of the 2018 IEEE Global Conference on Signal and Information Processing},
  pages     = {1353--1357},
  year      = {2018}
}

@article{2018ExaL1Tucker,
  title   = {The exact solution to rank-{$1$} {$\ell_{1}$}-norm Tucker2 decomposition},
  author  = {Markopoulos, Panos P and Chachlakis, Dimitris G and Papalexakis, Evangelos E},
  journal = {IEEE Signal Processing Letters},
  volume  = {25},
  number  = {4},
  pages   = {511--515},
  year    = {2018}
}


@article{L1Tucker2,
  title   = {Robust tensor analysis with {$\ell_{1}$}-norm},
  author  = {Pang, Yanwei and Li, Xuelong and Yuan, Yuan},
  journal = {IEEE Transactions on Circuits and Systems for Video Technology},
  volume  = {20},
  number  = {2},
  pages   = {172--178},
  year    = {2009}
}

@inproceedings{2020L1HOOI,
  title     = {{$\ell_{1}$}-norm higher-order orthogonal iterations for robust tensor analysis},
  author    = {Chachlakis, Dimitris and Prater-Bennette, Ashley and Markopoulos, Panos},
  booktitle = {Proceedings of the 2020 IEEE International Conference on Acoustics, Speech and Signal Processing},
  pages     = {4826--4830},
  year      = {2020}
}

@article{2019L1Tucker,
  title   = {{$\ell_{1}$}-norm Tucker tensor decomposition},
  author  = {Chachlakis, Dimitris G and Prater-Bennette, Ashley and Markopoulos, Panos P},
  journal = {IEEE Access},
  volume  = {7},
  pages   = {178454--178465},
  year    = {2019}
}

@article{tSVD,
  title   = {Third-order tensors as operators on matrices: A theoretical and computational framework with applications in imaging},
  author  = {Kilmer, Misha E and Braman, Karen and Hao, Ning and Hoover, Randy C},
  journal = {SIAM Journal on Matrix Analysis and Applications},
  volume  = {34},
  number  = {1},
  pages   = {148--172},
  year    = {2013}
}

@inproceedings{2017ORTPCA,
  title     = {Outlier-robust tensor PCA},
  author    = {Zhou, Pan and Feng, Jiashi},
  booktitle = {Proceedings of the 30th IEEE Conference on Computer Vision and Pattern Recognition},
  pages     = {2263--2271},
  year      = {2017}
}

@inproceedings{2018ERTPCA,
  title     = {Robust tensor principal component analysis in all modes},
  author    = {Chen, Longxi and Liu, Yipeng and Zhu, Ce},
  booktitle = {Proceedings of the 2018 IEEE International Conference on Multimedia and Expo},
  pages     = {1--6},
  year      = {2018}
}

@article{el1997robust,
  title   = {Robust solutions to least-squares problems with uncertain data},
  author  = {El Ghaoui, Laurent and Lebret, Herv{\'e}},
  journal = {SIAM Journal on Matrix Analysis and Applications},
  volume  = {18},
  number  = {4},
  pages   = {1035--1064},
  year    = {1997}
}

@article{andersen2003implementing,
  title   = {On implementing a primal-dual interior-point method for conic quadratic optimization},
  author  = {Andersen, Erling D and Roos, Cornelis and Terlaky, Tamas},
  journal = {Mathematical Programming},
  volume  = {95},
  number  = {2},
  pages   = {249--277},
  year    = {2003}
}

@article{ProbPCA,
  title   = {Probabilistic principal component analysis},
  author  = {Tipping, Michael E and Bishop, Christopher M},
  journal = {Journal of the Royal Statistical Society: Series B},
  volume  = {61},
  number  = {3},
  pages   = {611--622},
  year    = {1999}
}

@book{FA,
  title     = {The essentials of factor analysis},
  author    = {Child, Dennis},
  year      = {1990},
  publisher = {Cassell Educational},
  address   = {New York, the U.S.}
}

@article{IsoMap,
  title   = {A global geometric framework for nonlinear dimensionality reduction},
  author  = {Tenenbaum, Joshua B and De Silva, Vin and Langford, John C},
  journal = {Science},
  volume  = {290},
  number  = {5500},
  pages   = {2319--2323},
  year    = {2000}
}

@article{LapE,
  title   = {Laplacian eigenmaps for dimensionality reduction and data representation},
  author  = {Belkin, Mikhail and Niyogi, Partha},
  journal = {Neural Computation},
  volume  = {15},
  number  = {6},
  pages   = {1373--1396},
  year    = {2003}
}

@article{LLE,
  title   = {Nonlinear dimensionality reduction by locally linear embedding},
  author  = {Roweis, Sam T and Saul, Lawrence K},
  journal = {Science},
  volume  = {290},
  number  = {5500},
  pages   = {2323--2326},
  year    = {2000}
}

@inproceedings{farahat2011novel,
  title     = {A novel greedy algorithm for Nystr{\"o}m approximation},
  author    = {Farahat, Ahmed and Ghodsi, Ali and Kamel, Mohamed},
  booktitle = {Proceedings of the 2011 International Conference on Artificial Intelligence and Statistics},
  pages     = {269--277},
  year      = {2011}
}

@article{chang2011libsvm,
  title   = {LIBSVM: a library for support vector machines},
  author  = {Chang, Chih-Chung and Lin, Chih-Jen},
  journal = {ACM Transactions on Intelligent Systems and Technology},
  volume  = {2},
  number  = {3},
  pages   = {1--27},
  year    = {2011}
}

@book{ben2009robust,
  title     = {Robust optimization},
  author    = {Ben-Tal, Aharon and El Ghaoui, Laurent and Nemirovski, Arkadi},
  year      = {2009},
  publisher = {Princeton university press},
  address   = {New Jersey, the U.K.}
}

@article{ben2002robust,
  title   = {Robust optimization---methodology and applications},
  author  = {Ben-Tal, Aharon and Nemirovski, Arkadi},
  journal = {Mathematical Programming},
  volume  = {92},
  number  = {3},
  pages   = {453--480},
  year    = {2002}
}

@misc{TTB_Software,
  author = {Brett W. Bader and Tamara G. Kolda and others},
  title  = {MATLAB Tensor Toolbox Version 2.6},
  year   = {2015},
  url    = {http://www.sandia.gov/~tgkolda/TensorToolbox/}
}

@misc{socp_complexity,
  author = {Erling D. Andersen},
  title  = {Complexity of solving conic quadratic problems},
  year   = {2013},
  url    = {https://erlingdandersen.blogspot.com/2013/11/complexity-of-solving-conic-quadratic.html}
}

@inproceedings{yan2005discriminant,
  title     = {Discriminant analysis with tensor representation},
  author    = {Yan, Shuicheng and Xu, Dong and Yang, Qiang and Zhang, Lei and Tang, Xiaoou and Zhang, Hong-Jiang},
  booktitle = {Proceedings of the 18th IEEE Conference on Computer Vision and Pattern Recognition},
  pages     = {526--532},
  year      = {2005}
}

@book{Goodfellow2016,
  title     = {Deep learning},
  author    = {Ian Goodfellow and Yoshua Bengio and Aaron Courville},
  publisher = {MIT Press},
  year      = {2016}
}

@article{ye2005generalized,
  title   = {Generalized low rank approximations of matrices},
  author  = {Ye, Jieping},
  journal = {Machine Learning},
  volume  = {61},
  number  = {1-3},
  pages   = {167--191},
  year    = {2005}
}

@article{de2000best,
  title   = {On the best rank-{$1$} and rank-{$(r_1, r_2,\ldots, r_n)$} approximation of higher-order tensors},
  author  = {De Lathauwer, Lieven and De Moor, Bart and Vandewalle, Joos},
  journal = {SIAM Journal on Matrix Analysis and Applications},
  volume  = {21},
  number  = {4},
  pages   = {1324--1342},
  year    = {2000}
}

@article{chachlakis2021dynamic,
  title   = {Dynamic {$\ell_{1}$}-norm Tucker tensor decomposition},
  author  = {Chachlakis, Dimitris G and Dhanaraj, Mayur and Prater-Bennette, Ashley and Markopoulos, Panos P},
  journal = {IEEE Journal of Selected Topics in Signal Processing},
  volume  = {15},
  number  = {3},
  pages   = {587--602},
  year    = {2021}
}

@article{xu2020hyperspectral,
  title   = {Hyperspectral image superresolution using unidirectional total variation with Tucker decomposition},
  author  = {Xu, Ting and Huang, Ting-Zhu and Deng, Liang-Jian and Zhao, Xi-Le and Huang, Jie},
  journal = {IEEE Journal of Selected Topics in Applied Earth Observations and Remote Sensing},
  volume  = {13},
  pages   = {4381--4398},
  year    = {2020}
}

@inproceedings{mika1999fisher,
  title     = {Fisher discriminant analysis with kernels},
  author    = {Mika, Sebastian and Ratsch, Gunnar and Weston, Jason and Scholkopf, Bernhard and Mullers, Klaus-Robert},
  booktitle = {Neural Networks for Signal Processing IX: Proceedings of the 1999 IEEE Signal Processing Society Workshop},
  pages     = {41--48},
  year      = {1999}
}

@article{cai2007srda,
  title   = {SRDA: An efficient algorithm for large-scale discriminant analysis},
  author  = {Cai, Deng and He, Xiaofei and Han, Jiawei},
  journal = {IEEE Transactions on Knowledge and Data Engineering},
  volume  = {20},
  number  = {1},
  pages   = {1--12},
  year    = {2007}
}

@inproceedings{shi2017feature,
  title     = {Feature extraction for incomplete data via low-rank Tucker decomposition},
  author    = {Shi, Qiquan and Cheung, Yiu-Ming and Zhao, Qibin},
  booktitle = {Joint European Conference on Machine Learning and Knowledge Discovery in Databases},
  pages     = {564--581},
  year      = {2017}
}

@article{candes2009exact,
  title   = {Exact matrix completion via convex optimization},
  author  = {Cand{\`e}s, Emmanuel J and Recht, Benjamin},
  journal = {Foundations of Computational mathematics},
  volume  = {9},
  number  = {6},
  pages   = {717--772},
  year    = {2009}
}

@article{liu2012tensor,
  title   = {Tensor completion for estimating missing values in visual data},
  author  = {Liu, Ji and Musialski, Przemyslaw and Wonka, Peter and Ye, Jieping},
  journal = {IEEE Transactions on Pattern Analysis and Machine Intelligence},
  volume  = {35},
  number  = {1},
  pages   = {208--220},
  year    = {2012}
}

@inproceedings{jain2014provable,
  title     = {Provable tensor factorization with missing data},
  author    = {Jain, Prateek and Oh, Sewoong},
  booktitle = {Proceedings of the 28th International Conference on Neural Information Processing Systems},
  pages     = {1431--1439},
  year      = {2014}
}

@article{liu2015generalized,
  title   = {Generalized higher-order orthogonal iteration for tensor learning and decomposition},
  author  = {Liu, Yuanyuan and Shang, Fanhua and Fan, Wei and Cheng, James and Cheng, Hong},
  journal = {IEEE Transactions on Neural Networks and Learning Systems},
  volume  = {27},
  number  = {12},
  pages   = {2551--2563},
  year    = {2015}
}

@article{liu2014trace,
  title   = {Trace norm regularized CANDECOMP/PARAFAC decomposition with missing data},
  author  = {Liu, Yuanyuan and Shang, Fanhua and Jiao, Licheng and Cheng, James and Cheng, Hong},
  journal = {IEEE Transactions on Cybernetics},
  volume  = {45},
  number  = {11},
  pages   = {2437--2448},
  year    = {2014}
}

@article{zhao2015bayesian,
  title   = {Bayesian CP factorization of incomplete tensors with automatic rank determination},
  author  = {Zhao, Qibin and Zhang, Liqing and Cichocki, Andrzej},
  journal = {IEEE Transactions on Pattern Analysis and Machine Intelligence},
  volume  = {37},
  number  = {9},
  pages   = {1751--1763},
  year    = {2015}
}

@article{hu2016twist,
  title   = {The twist tensor nuclear norm for video completion},
  author  = {Hu, Wenrui and Tao, Dacheng and Zhang, Wensheng and Xie, Yuan and Yang, Yehui},
  journal = {IEEE Transactions on Neural Networks and Learning Systems},
  volume  = {28},
  number  = {12},
  pages   = {2961--2973},
  year    = {2016}
}

@article{han2018generalized,
  title   = {A generalized model for robust tensor factorization with noise modeling by mixture of Gaussians},
  author  = {Han, Zhi and Wang, Yao and Zhao, Qian and Meng, Deyu and Lin, Lin and Tang, Yandong and others},
  journal = {IEEE Transactions on Neural Networks and Learning Systems},
  volume  = {29},
  number  = {11},
  pages   = {5380--5393},
  year    = {2018}
}

@inproceedings{shi2015semi,
  title     = {Semi-orthogonal multilinear PCA with relaxed start},
  author    = {Shi, Qiquan and Lu, Haiping},
  booktitle = {Proceedings of the 25th International Joint Conference on Artificial Intelligence},
  pages     = {3805--3811},
  year      = {2015}
}

@article{lu2019tensor,
  title   = {Tensor robust principal component analysis with a new tensor nuclear norm},
  author  = {Lu, Canyi and Feng, Jiashi and Chen, Yudong and Liu, Wei and Lin, Zhouchen and Yan, Shuicheng},
  journal = {IEEE Transactions on Pattern Analysis and Machine Intelligence},
  volume  = {42},
  number  = {4},
  pages   = {925--938},
  year    = {2019}
}

@article{fan2014modified,
  title   = {Modified principal component analysis: An integration of multiple similarity subspace models},
  author  = {Fan, Zizhu and Xu, Yong and Zuo, Wangmeng and Yang, Jian and Tang, Jinhui and Lai, Zhihui and Zhang, David},
  journal = {IEEE Transactions on Neural Networks and Learning Systems},
  volume  = {25},
  number  = {8},
  pages   = {1538--1552},
  year    = {2014}
}

@article{zhou2018probabilistic,
  title   = {Probabilistic rank-one discriminant analysis via collective and individual variation modeling},
  author  = {Zhou, Yang and Cheung, Yiu-ming},
  journal = {IEEE Transactions on Cybernetics},
  volume  = {50},
  number  = {2},
  pages   = {627--639},
  year    = {2018}
}

@article{zhang2011tensor,
  title   = {Tensor locally linear discriminative analysis},
  author  = {Zhang, Zhao and Chow, WS},
  journal = {IEEE Signal Processing Letters},
  volume  = {18},
  number  = {11},
  pages   = {643--646},
  year    = {2011}
}

@article{tao2008tensor,
  title   = {Tensor rank one discriminant analysis—a convergent method for discriminative multilinear subspace selection},
  author  = {Tao, Dacheng and Li, Xuelong and Wu, Xindong and Maybank, Steve},
  journal = {Neurocomputing},
  volume  = {71},
  number  = {10-12},
  pages   = {1866--1882},
  year    = {2008}
}

@article{tao2017tensor,
  title   = {Tensor rank preserving discriminant analysis for facial recognition},
  author  = {Tao, Dapeng and Guo, Yanan and Li, Yaotang and Gao, Xinbo},
  journal = {IEEE Transactions on Image Processing},
  volume  = {27},
  number  = {1},
  pages   = {325--334},
  year    = {2017}
}

@article{alizadeh2003second,
  title   = {Second-order cone programming},
  author  = {Alizadeh, Farid and Goldfarb, Donald},
  journal = {Mathematical programming},
  volume  = {95},
  number  = {1},
  pages   = {3--51},
  year    = {2003}
}

@article{lobo1998applications,
  title   = {Applications of second-order cone programming},
  author  = {Lobo, Miguel Sousa and Vandenberghe, Lieven and Boyd, Stephen and Lebret, Herv{\'e}},
  journal = {Linear algebra and its applications},
  volume  = {284},
  number  = {1-3},
  pages   = {193--228},
  year    = {1998}
}

@article{van2000ubiquitous,
  title   = {The ubiquitous Kronecker product},
  author  = {Van Loan, Charles F},
  journal = {Journal of computational and applied mathematics},
  volume  = {123},
  number  = {1-2},
  pages   = {85--100},
  year    = {2000}
}

@book{smilde2005multi,
  title     = {Multi-way analysis: applications in the chemical sciences},
  author    = {Smilde, Age and Geladi, Paul and Bro, Rasmus},
  year      = {2005},
  publisher = {John Wiley \& Sons}
}

@misc{hadamard,
  author = {{Wikipedia contributors}},
  title  = {Hadamard product (matrices) --- {Wikipedia}{,} The Free Encyclopedia},
  year   = {2022},
  url    = {https://en.wikipedia.org/w/index.php?title=Hadamard_product_(matrices)&oldid=1065193797},
  note   = {[Online; accessed 17-January-2022]}
}

@article{beyer2007robust,
  title   = {Robust optimization--a comprehensive survey},
  author  = {Beyer, Hans-Georg and Sendhoff, Bernhard},
  journal = {Computer Methods in Applied Mechanics and Engineering},
  volume  = {196},
  number  = {33-34},
  pages   = {3190--3218},
  year    = {2007}
}

@article{gabrel2014recent,
  title   = {Recent advances in robust optimization: An overview},
  author  = {Gabrel, Virginie and Murat, C{\'e}cile and Thiele, Aur{\'e}lie},
  journal = {European Journal of Operational Research},
  volume  = {235},
  number  = {3},
  pages   = {471--483},
  year    = {2014}
}

@article{bertsimas2011theory,
  title   = {Theory and applications of robust optimization},
  author  = {Bertsimas, Dimitris and Brown, David B and Caramanis, Constantine},
  journal = {SIAM Review},
  volume  = {53},
  number  = {3},
  pages   = {464--501},
  year    = {2011}
}

@article{hartigan1979algorithm,
  title   = {Algorithm AS 136: A {$k$}-means clustering algorithm},
  author  = {Hartigan, John A and Wong, Manchek A},
  journal = {Journal of the Royal Statistical Society. Series C (Applied Statistics)},
  volume  = {28},
  number  = {1},
  pages   = {100--108},
  year    = {1979}
}

@article{lloyd1982least,
  title   = {Least squares quantization in PCM},
  author  = {Lloyd, Stuart},
  journal = {IEEE Transactions on Information Theory},
  volume  = {28},
  number  = {2},
  pages   = {129--137},
  year    = {1982}
}

@article{forgy1965cluster,
  title   = {Cluster analysis of multivariate data: efficiency versus interpretability of classifications},
  author  = {Forgy, Edward W},
  journal = {Biometrics},
  volume  = {21},
  pages   = {768--769},
  year    = {1965}
}

@book{van1991handbook,
  title     = {Handbook of theoretical computer science (vol. A) algorithms and complexity},
  author    = {Van Leeuwen, Jan},
  year      = {1991},
  publisher = {Mit Press}
}

@book{mackay2003information,
  title     = {Information theory, inference and learning algorithms},
  author    = {MacKay, David JC and Mac Kay, David JC},
  year      = {2003},
  publisher = {Cambridge University Press}
}

@misc{enwiki:1067009361,
  author = {{Wikipedia contributors}},
  title  = {{$k$}-means clustering --- {Wikipedia}{,} The Free Encyclopedia},
  year   = {2022},
  url    = {https://en.wikipedia.org/w/index.php?title=K-means_clustering&oldid=1067009361},
  note   = {[Online; accessed 21-January-2022]}
}

@article{litekmeans,
  author  = {Deng Cai},
  title   = {Litekmeans: the fastest matlab implementation of kmeans},
  journal = {Available at: \url{http://www.zjucadcg.cn/dengcai/Data/Clustering.html}},
  year    = {2011}
}

@article{fix1989discriminatory,
  title   = {Discriminatory analysis. Nonparametric discrimination: Consistency properties},
  author  = {Fix, Evelyn and Hodges, Joseph Lawson},
  journal = {International Statistical Review/Revue Internationale de Statistique},
  volume  = {57},
  number  = {3},
  pages   = {238--247},
  year    = {1989}
}

@article{altman1992introduction,
  title   = {An introduction to kernel and nearest-neighbor nonparametric regression},
  author  = {Altman, Naomi S},
  journal = {The American Statistician},
  volume  = {46},
  number  = {3},
  pages   = {175--185},
  year    = {1992}
}

@article{chen2015optimal,
  title   = {On optimal low rank Tucker approximation for tensors: the case for an adjustable core size},
  author  = {Chen, Bilian and Li, Zhening and Zhang, Shuzhong},
  journal = {Journal of Global Optimization},
  volume  = {62},
  number  = {4},
  pages   = {811--832},
  year    = {2015}
}

@article{chen2019nonnegative,
  title   = {Nonnegative tensor completion via low-rank Tucker decomposition: model and algorithm},
  author  = {Chen, Bilian and Sun, Ting and Zhou, Zhehao and Zeng, Yifeng and Cao, Langcai},
  journal = {IEEE Access},
  volume  = {7},
  pages   = {95903--95914},
  year    = {2019}
}

@article{9058984,
  author  = {Qiu, Yuning and Zhou, Guoxu and Wang, Yanjiao and Zhang, Yu and Xie, Shengli},
  journal = {IEEE Transactions on Cybernetics},
  title   = {A generalized graph regularized nonnegative Tucker decomposition framework for tensor data representation},
  year    = {2022},
  volume  = {52},
  number  = {1},
  pages   = {594-607}
}

@inproceedings{boser1992training,
  title     = {A training algorithm for optimal margin classifiers},
  author    = {Boser, Bernhard E and Guyon, Isabelle M and Vapnik, Vladimir N},
  booktitle = {Proceedings of the 15th Annual Workshop on Computational Learning Theory},
  pages     = {144--152},
  year      = {1992}
}

@article{cortes1995support,
  title   = {Support-vector networks},
  author  = {Cortes, Corinna and Vapnik, Vladimir},
  journal = {Machine Learning},
  volume  = {20},
  number  = {3},
  pages   = {273--297},
  year    = {1995}
}

@inproceedings{huang2008simultaneous,
  title     = {Simultaneous tensor subspace selection and clustering: the equivalence of higher-order SVD and {$k$}-means clustering},
  author    = {Huang, Heng and Ding, Chris and Luo, Dijun and Li, Tao},
  booktitle = {Proceedings of the 14th ACM SIGKDD International Conference on Knowledge Discovery and Data Mining},
  pages     = {327--335},
  year      = {2008}
}

@misc{engg5501,
  author    = {Anthony Man-Cho So},
  title     = {Lecture Notes of ENGG 5501: Foundations of Optimization},
  year      = {2021},
  publisher = {The Chinese University of Hong Kong},
  url       = {https://www1.se.cuhk.edu.hk/~manchoso/2122/engg5501/}
}

@misc{200c,
  author    = {Arash A. Amini},
  title     = {Lecture notes of STAT 200C: High-dimensional statistics},
  year      = {2021},
  publisher = {University of California, Los Angeles},
  url       = {http://www.stat.ucla.edu/~arashamini/teaching/200c}
}

@book{guler2010foundations,
  title     = {Foundations of optimization},
  author    = {G{\"u}ler, Osman},
  volume    = {258},
  year      = {2010},
  publisher = {Springer Science \& Business Media}
}

@book{ben2001lectures,
  title     = {Lectures on modern convex optimization: analysis, algorithms, and engineering applications},
  author    = {Ben-Tal, Aharon and Nemirovski, Arkadi},
  year      = {2001},
  publisher = {SIAM}
}

@article{ang2015supervised,
  title   = {Supervised, unsupervised, and semi-supervised feature selection: a review on gene selection},
  author  = {Ang, Jun Chin and Mirzal, Andri and Haron, Habibollah and Hamed, Haza Nuzly Abdull},
  journal = {IEEE/ACM Transactions on Computational Biology and Bioinformatics},
  volume  = {13},
  number  = {5},
  pages   = {971--989},
  year    = {2015}
}

@article{ghojogh2019feature,
  title   = {Feature selection and feature extraction in pattern analysis: A literature review},
  author  = {Ghojogh, Benyamin and Samad, Maria N and Mashhadi, Sayema Asif and Kapoor, Tania and Ali, Wahab and Karray, Fakhri and Crowley, Mark},
  journal = {ArXiv Preprint ArXiv: 1905.02845},
  year    = {2019}
}

@bachelorthesis{zhzhou2018,
  title  = {基于Tucker分解的特征提取方法：一种新的模型及其算法},
  author = {周哲豪},
  year   = {2018},
  school = {厦门大学航空航天学院自动化系}
}

@article{kuhn1955hungarian,
  title   = {The Hungarian method for the assignment problem},
  author  = {Kuhn, Harold W},
  journal = {Naval Research Logistics Quarterly},
  volume  = {2},
  number  = {1-2},
  pages   = {83--97},
  year    = {1955}
}

@misc{enwiki:1070246940,
  author = {{Wikipedia contributors}},
  title  = {Mutual information --- {Wikipedia}{,} The Free Encyclopedia},
  year   = {2022},
  url    = {https://en.wikipedia.org/w/index.php?title=Mutual_information&oldid=1070246940},
  note   = {[Online; accessed 13-February-2022]}
}

@misc{enwiki:1071040487,
  author = {{Wikipedia contributors}},
  title  = {Entropy (information theory) --- {Wikipedia}{,} The Free Encyclopedia},
  year   = {2022},
  url    = {https://en.wikipedia.org/w/index.php?title=Entropy_(information_theory)&oldid=1071040487},
  note   = {[Online; accessed 13-February-2022]}
}

@article{zhang2021dynamic,
  title   = {Dynamic tensor recommender systems},
  author  = {Zhang, Yanqing and Bi, Xuan and Tang, Niansheng and Qu, Annie},
  journal = {Journal of Machine Learning Research},
  volume  = {22},
  number  = {65},
  pages   = {1--35},
  year    = {2021}
}

@article{chen2012maximum,
  title   = {Maximum block improvement and polynomial optimization},
  author  = {Chen, Bilian and He, Simai and Li, Zhening and Zhang, Shuzhong},
  journal = {SIAM Journal on Optimization},
  volume  = {22},
  number  = {1},
  pages   = {87--107},
  year    = {2012}
}

@misc{enwiki:1068725507,
  author = {{Wikipedia contributors}},
  title  = {Feature selection --- {Wikipedia}{,} The Free Encyclopedia},
  year   = {2022},
  url    = {https://en.wikipedia.org/w/index.php?title=Feature_selection&oldid=1068725507},
  note   = {[Online; accessed 21-February-2022]}
}
  
@misc{enwiki:1050841867,
  author = {{Wikipedia contributors}},
  title  = {Feature extraction --- {Wikipedia}{,} The Free Encyclopedia},
  year   = {2021},
  url    = {https://en.wikipedia.org/w/index.php?title=Feature_extraction&oldid=1050841867},
  note   = {[Online; accessed 21-February-2022]}
}

@book{cover1999elements,
  title={Elements of information theory},
  author={Cover, Thomas M},
  year={1999},
  publisher={John Wiley \& Sons}
}

@article{li2018feature,
  title={Feature selection: A data perspective},
  author={Li, Jundong and Cheng, Kewei and Wang, Suhang and Morstatter, Fred and Trevino, Robert P and Tang, Jiliang and Liu, Huan},
  journal={ACM Computing Surveys},
  volume={50},
  number={6},
  pages={1--45},
  year={2018}
}